<?xml version="1.0" encoding="UTF-8"?><record xmlns="http://www.loc.gov/MARC21/slim" xmlns:cinclude="http://apache.org/cocoon/include/1.0" xmlns:zs="http://www.loc.gov/zing/srw/">
  <leader>00488cz  a2200133n  4500</leader>
  <controlfield tag="001">no2014045890</controlfield>
  <controlfield tag="003">DLC</controlfield>
  <controlfield tag="005">20140418074033.0</controlfield>
  <controlfield tag="008">140407n| azannaabn          |n ana     c</controlfield>
  <datafield tag="010" ind1=" " ind2=" ">
    <subfield code="a">no2014045890</subfield>
  </datafield>
  <datafield tag="035" ind1=" " ind2=" ">
    <subfield code="a">(OCoLC)oca09727473</subfield>
  </datafield>
  <datafield tag="040" ind1=" " ind2=" ">
    <subfield code="a">InU</subfield>
    <subfield code="b">eng</subfield>
    <subfield code="e">rda</subfield>
    <subfield code="c">InU</subfield>
    <subfield code="d">InU</subfield>
  </datafield>
  <datafield tag="110" ind1="1" ind2=" ">
    <subfield code="a">Indiana.</subfield>
    <subfield code="t">Indiana Stream Pollution Control Law</subfield>
  </datafield>
  <datafield tag="670" ind1=" " ind2=" ">
    <subfield code="a">Indiana Stream Pollution Control Law chapter 214 Acts of 1943 as amended Indiana General Assembly, 1968:</subfield>
    <subfield code="b">title page (Indiana Stream Pollution Control Law)</subfield>
  </datafield>
</record>